% Encoding: UTF-8

@Misc{Perez2018,
  author        = {Javier Andreu Perez and Fani Deligianni and Daniele Ravi and Guang-Zhong Yang},
  title         = {Artificial Intelligence and Robotics},
  year          = {2018},
  archiveprefix = {arXiv},
  eprint        = {1803.10813},
  primaryclass  = {cs.AI},
}

@Book{Vajjala2020,
  author    = {Sowmya Vajjala and Bodhisattwa Majumder and Anuj Gupta and Harshit Surana},
  publisher = {O’Reilly Media Inc.},
  title     = {Practical Natural Language Processing},
  year      = {2020},
}

@Misc{Mohammad2019,
  author        = {Saif M. Mohammad},
  title         = {The State of NLP Literature: A Diachronic Analysis of the ACL Anthology},
  year          = {2019},
  archiveprefix = {arXiv},
  eprint        = {1911.03562},
  primaryclass  = {cs.DL},
}

@InCollection{Vaswani2017,
  author    = {Vaswani, Ashish and Shazeer, Noam and Parmar, Niki and Uszkoreit, Jakob and Jones, Llion and Gomez, Aidan N and Kaiser, \L ukasz and Polosukhin, Illia},
  booktitle = {Advances in Neural Information Processing Systems 30},
  publisher = {Curran Associates, Inc.},
  title     = {Attention is All you Need},
  year      = {2017},
  editor    = {I. Guyon and U. V. Luxburg and S. Bengio and H. Wallach and R. Fergus and S. Vishwanathan and R. Garnett},
  pages     = {5998--6008},
  url       = {http://papers.nips.cc/paper/7181-attention-is-all-you-need.pdf},
}

@Article{Hochreiter1997,
  author  = {Hochreiter, Sepp and Schmidhuber, Jürgen},
  journal = {Neural computation},
  title   = {Long Short-term Memory},
  year    = {1997},
  month   = {12},
  pages   = {1735-80},
  volume  = {9},
  doi     = {10.1162/neco.1997.9.8.1735},
}

@Unpublished{Honnibal2017,
  author = {Honnibal, Matthew and Montani, Ines},
  note   = {To appear},
  title  = {{spaCy 2}: Natural language understanding with {B}loom embeddings, convolutional neural networks and incremental parsing},
  year   = {2017},
}

@Book{Spillner1974,
  author    = {Spillner, B.},
  publisher = {W. Kohlhammer},
  title     = {Linguistik und Literaturwissenschaft: Stilforschung, Rhetorik, Textlinguistik},
  year      = {1974},
  isbn      = {9783170017344},
  series    = {Reihe Kohlhammer},
  lccn      = {75556412},
}

@Article{Mendenhall1887,
  author    = {T. C. Mendenhall},
  journal   = {Science},
  title     = {The Characteristic Curves of Composition},
  year      = {1887},
  issn      = {00368075, 10959203},
  number    = {214},
  pages     = {237--249},
  volume    = {9},
  publisher = {American Association for the Advancement of Science},
  url       = {http://www.jstor.org/stable/1764604},
}

@Article{Stamatatos2009,
  author     = {Stamatatos, Efstathios},
  journal    = {J. Am. Soc. Inf. Sci. Technol.},
  title      = {A Survey of Modern Authorship Attribution Methods},
  year       = {2009},
  issn       = {1532-2882},
  month      = mar,
  number     = {3},
  pages      = {538–556},
  volume     = {60},
  address    = {USA},
  issue_date = {March 2009},
  keywords   = {authorship, information attribution, computer applications, text processing, statistical methods},
  numpages   = {19},
  publisher  = {John Wiley & Sons, Inc.},
}

@Article{Kilgarriff2001,
  author  = {Kilgarriff, Adam},
  journal = {International Journal of Corpus Linguistics},
  title   = {Comparing Corpora},
  year    = {2001},
  month   = {11},
  volume  = {6},
  doi     = {10.1075/ijcl.6.1.05kil},
}

@Article{Burrows2002,
  author  = {F., Burrows},
  journal = {Literary and Linguistic Computing},
  title   = {'Delta': A Measure of Stylistic Difference and a Guide to Likely Authorship},
  year    = {2002},
  month   = {09},
  pages   = {267-287},
  volume  = {17},
  doi     = {10.1093/llc/17.3.267},
}

@Book{Templin1957,
  author    = {Mildred C. Templin},
  publisher = {University of Minnesota Press},
  title     = {Certain Language Skills in Children: Their Development and Interrelationships},
  year      = {1957},
  edition   = {NED - New edition},
  isbn      = {9780816671045},
  volume    = {26},
  url       = {http://www.jstor.org/stable/10.5749/j.ctttv2st},
}

@Book{Guiraud1954,
  author    = {Guiraud, P.},
  publisher = {Presses universitaires de France},
  title     = {Les caract{\`e}res statistiques du vocabulaire: essai de m{\'e}thodologie},
  year      = {1954},
  lccn      = {55000219},
  url       = {https://books.google.de/books?id=jhGExQEACAAJ},
}

@Book{Carroll1964,
  author    = {John B. Carroll},
  publisher = {Prentice-Hall},
  title     = {Language And Thought},
  year      = {1964},
}

@Book{Herdan1964,
  author    = {Herdan, G.},
  publisher = {Butterworths},
  title     = {Quantitative Linguistics},
  year      = {1964},
  lccn      = {65001571},
}

@InProceedings{Somers1966,
  author    = {H. H. Somers},
  booktitle = {The computer and literary style,},
  title     = {Statistical methods in literary analysis},
  year      = {1966},
  address   = {Kent State University},
  pages     = {128-140},
}

@InProceedings{Dugast1978,
  author    = {D. Dugast},
  booktitle = {Le francais moderne},
  title     = {Sur quoi se fonde la notion d'6tendue th6oretique du vocabulaire?},
  year      = {1978},
  pages     = {25-32},
  volume    = {46},
}

@InProceedings{Maas1972,
  author    = {H. D. Maas},
  booktitle = {Zeitschriftfiir Literaturwissenschaft und Linguistik},
  title     = {Zusammenhang zwischen Wortschatzumfang und Länge eines Textes},
  year      = {1972},
  pages     = {73-79},
  volume    = {8},
}

@Article{Torruella2013,
  author   = {Joan Torruella and Ramon Capsada},
  journal  = {Procedia - Social and Behavioral Sciences},
  title    = {Lexical Statistics and Tipological Structures: A Measure of Lexical Richness},
  year     = {2013},
  issn     = {1877-0428},
  note     = {Corpus Resources for Descriptive and Applied Studies. Current Challenges and Future Directions: Selected Papers from the 5th International Conference on Corpus Linguistics (CILC2013)},
  pages    = {447 - 454},
  volume   = {95},
  doi      = {https://doi.org/10.1016/j.sbspro.2013.10.668},
  keywords = {lexicometry, lexical richness, text types},
}

@Article{Covington2010,
  author    = {Michael A. Covington and Joe D. McFall},
  journal   = {Journal of Quantitative Linguistics},
  title     = {Cutting the Gordian Knot: The Moving-Average Type–Token Ratio (MATTR)},
  year      = {2010},
  number    = {2},
  pages     = {94-100},
  volume    = {17},
  doi       = {10.1080/09296171003643098},
  eprint    = {https://doi.org/10.1080/09296171003643098},
  publisher = {Routledge},
  url       = {https://doi.org/10.1080/09296171003643098},
}

@Article{McCarthy2010,
  author  = {McCarthy, Philip M. and Jarvis, Scott},
  journal = {Behavior Research Methods},
  title   = {MTLD, vocd-D, and HD-D: A validation study of sophisticated approaches to lexical diversity assessment},
  year    = {2010},
  issn    = {1554-3528},
  month   = {May},
  number  = {2},
  pages   = {381-392},
  volume  = {42},
  day     = {01},
  doi     = {10.3758/BRM.42.2.381},
  url     = {https://doi.org/10.3758/BRM.42.2.381},
}

@Article{McCarthy2007,
  author  = {Philip M. McCarthy and Scott Jarvis},
  journal = {Language Testing},
  title   = {vocd: A theoretical and empirical evaluation},
  year    = {2007},
  number  = {4},
  pages   = {459-488},
  volume  = {24},
  doi     = {10.1177/0265532207080767},
  eprint  = {https://doi.org/10.1177/0265532207080767},
  url     = {https://doi.org/10.1177/0265532207080767},
}

@Comment{jabref-meta: databaseType:bibtex;}
